<record><leader>00000cas a22000007a 4500</leader><controlfield tag="001">41243967</controlfield><controlfield tag="008">990423d190u1903tnuwr ne      0    0eng d</controlfield><datafield ind1=" " ind2=" " tag="010"><subfield code="a">sn 99065803 </subfield></datafield><datafield ind1=" " ind2=" " tag="040"><subfield code="a">TGN</subfield><subfield code="b">eng</subfield><subfield code="c">TGN</subfield><subfield code="d">OCLCQ</subfield><subfield code="d">OCLCF</subfield><subfield code="d">OCLCO</subfield></datafield><datafield ind1="1" ind2=" " tag="029"><subfield code="a">AU@</subfield><subfield code="b">000020107685</subfield></datafield><datafield ind1=" " ind2=" " tag="042"><subfield code="a">msc</subfield></datafield><datafield ind1=" " ind2=" " tag="043"><subfield code="a">n-us-tn</subfield></datafield><datafield ind1="0" ind2="0" tag="245"><subfield code="a">Mrs. Grundy of Grundy.</subfield></datafield><datafield ind1="3" ind2="0" tag="246"><subfield code="a">Mrs. Grundy</subfield></datafield><datafield ind1=" " ind2=" " tag="260"><subfield code="a">Tracy City, Tenn. :</subfield><subfield code="b">Grundy Pub. Co.</subfield></datafield><datafield ind1=" " ind2=" " tag="300"><subfield code="a">v.</subfield></datafield><datafield ind1=" " ind2=" " tag="310"><subfield code="a">Weekly</subfield></datafield><datafield ind1="1" ind2=" " tag="362"><subfield code="a">Ceased in 1903.</subfield></datafield><datafield ind1=" " ind2=" " tag="588"><subfield code="a">Description based on: Vol. 18, no. 2 (Apr. 9, 1903).</subfield></datafield><datafield ind1=" " ind2="0" tag="651"><subfield code="a">Tracy City (Tenn.)</subfield><subfield code="v">Newspapers.</subfield></datafield><datafield ind1=" " ind2="0" tag="651"><subfield code="a">Grundy County (Tenn.)</subfield><subfield code="v">Newspapers.</subfield></datafield><datafield ind1=" " ind2="7" tag="655"><subfield code="a">Newspapers.</subfield><subfield code="2">fast</subfield><subfield code="0">(OCoLC)fst01423814</subfield></datafield><datafield ind1=" " ind2="7" tag="651"><subfield code="a">Tennessee</subfield><subfield code="z">Grundy County.</subfield><subfield code="2">fast</subfield><subfield code="0">(OCoLC)fst01203199</subfield></datafield><datafield ind1=" " ind2="7" tag="651"><subfield code="a">Tennessee</subfield><subfield code="z">Tracy City.</subfield><subfield code="2">fast</subfield><subfield code="0">(OCoLC)fst01284420</subfield></datafield><datafield ind1=" " ind2=" " tag="752"><subfield code="a">United States</subfield><subfield code="b">Tennessee</subfield><subfield code="c">Grundy</subfield><subfield code="d">Tracy City.</subfield></datafield><datafield ind1="0" ind2="0" tag="780"><subfield code="t">Tracy City news</subfield><subfield code="w">(DLC)sn 89058311</subfield></datafield><datafield ind1="0" ind2="0" tag="785"><subfield code="t">Mrs. Grundy (Tracy City, Tenn.)</subfield><subfield code="w">(DLC)sn 89058318</subfield></datafield></record>